<record><leader>00000cas a22000007a 4500</leader><controlfield tag="001">19679781</controlfield><controlfield tag="008">890509c19789999gauwr ne      0    0eng d</controlfield><datafield ind1=" " ind2=" " tag="010"><subfield code="a">sn 89053084 </subfield></datafield><datafield ind1=" " ind2=" " tag="040"><subfield code="a">NLG</subfield><subfield code="b">eng</subfield><subfield code="c">NLG</subfield><subfield code="d">GUA</subfield><subfield code="d">OCLCQ</subfield><subfield code="d">OCLCO</subfield></datafield><datafield ind1="1" ind2=" " tag="029"><subfield code="a">AU@</subfield><subfield code="b">000020553993</subfield></datafield><datafield ind1=" " ind2=" " tag="042"><subfield code="a">msc</subfield></datafield><datafield ind1=" " ind2=" " tag="043"><subfield code="a">n-us-ga</subfield></datafield><datafield ind1="0" ind2=" " tag="130"><subfield code="a">News leader (Royston, Ga.)</subfield></datafield><datafield ind1="1" ind2="4" tag="245"><subfield code="a">The News leader.</subfield></datafield><datafield ind1=" " ind2=" " tag="260"><subfield code="a">Royston, Ga. :</subfield><subfield code="b">North American Publications,</subfield><subfield code="c">[1978]-</subfield></datafield><datafield ind1=" " ind2=" " tag="300"><subfield code="a">v.</subfield></datafield><datafield ind1=" " ind2=" " tag="310"><subfield code="a">Weekly</subfield></datafield><datafield ind1="1" ind2=" " tag="362"><subfield code="a">Began in 1978.</subfield><subfield code="z">Cf. Gayle directory of publications, 1989.</subfield></datafield><datafield ind1=" " ind2=" " tag="530"><subfield code="a">Also on microfilm: Athens, Ga. : University of Georgia Libraries.</subfield></datafield><datafield ind1=" " ind2=" " tag="588"><subfield code="a">Description based on: Vol. 7, no. 22 (Nov. 8, 1984).</subfield></datafield><datafield ind1=" " ind2="0" tag="651"><subfield code="a">Royston (Ga.)</subfield><subfield code="v">Newspapers.</subfield></datafield><datafield ind1=" " ind2="0" tag="651"><subfield code="a">Franklin County (Ga.)</subfield><subfield code="v">Newspapers.</subfield></datafield><datafield ind1=" " ind2=" " tag="752"><subfield code="a">United States</subfield><subfield code="b">Georgia</subfield><subfield code="c">Franklin</subfield><subfield code="d">Royston.</subfield></datafield></record>